001  0000017
005  20180822173606.452
008  170211s||||     bl|||||||||||||||||por|u
020    $a9788569277033
040    $aPorto Alegre$bpor
080    $282-93-Verde$a1997
090    $a82-93-Verde$bA245l
100 1  $aAdún, Mel
245 10 $aA lua cheia de vento$cMel Adún
260    $aSalvador$bOgum's Toques Negros$c2015
300    $a28 p.
650    $aLiteratura infantil
650    $aConto Infantil
650    $aCavalos-marinhos
650    $aÍndio
650    $aMenina
650    $aLagoa
